@book{wold1954analysis,
  title={The analysis of stationary time series},
  author={Wold, Herman OA},
  year={1954},
  publisher={Almqvist \& Wiksell}
}

@book{hamilton1994time,
  title={Time series analysis},
  author={Hamilton, James Douglas},
  volume={2},
  year={1994},
  publisher={Princeton university press Princeton}
}